<collection xmlns="http://www.loc.gov/MARC21/slim">
   <record>
      <leader>02251cam a2200469 i 4500</leader>
      <controlfield tag="001">6783664</controlfield>
      <controlfield tag="003">OCoLC</controlfield>
      <controlfield tag="005">20150115112959.0</controlfield>
      <controlfield tag="006">m     o  d        </controlfield>
      <controlfield tag="007">cr |||||||||||</controlfield>
      <controlfield tag="008">150108s2015    enkab   ob    001 0 eng d</controlfield>
      <datafield ind1=" " ind2=" " tag="020">
         <subfield code="a">9781316145142</subfield>
         <subfield code="q">electronic bk.)</subfield>
      </datafield>
      <datafield ind1=" " ind2=" " tag="020">
         <subfield code="a">131614514X</subfield>
         <subfield code="q">electronic bk.)</subfield>
      </datafield>
      <datafield ind1=" " ind2=" " tag="020">
         <subfield code="z">9781107093485 (hardback)</subfield>
      </datafield>
      <datafield ind1=" " ind2=" " tag="039">
         <subfield code="a">exclude</subfield>
      </datafield>
      <datafield ind1=" " ind2=" " tag="040">
         <subfield code="a">CAMBR</subfield>
         <subfield code="b">eng</subfield>
         <subfield code="e">rda</subfield>
         <subfield code="e">pn</subfield>
         <subfield code="c">CAMBR</subfield>
         <subfield code="d">CAMBR</subfield>
         <subfield code="d">YDXCP</subfield>
         <subfield code="d">AEU</subfield>
      </datafield>
      <datafield ind1=" " ind2=" " tag="043">
         <subfield code="a">e-fr---</subfield>
      </datafield>
      <datafield ind1=" " ind2="4" tag="050">
         <subfield code="a">D547.A8</subfield>
         <subfield code="b">W73 2015eb</subfield>
      </datafield>
      <datafield ind1="0" ind2="4" tag="082">
         <subfield code="a">940.4/1294</subfield>
         <subfield code="2">23</subfield>
      </datafield>
      <datafield ind1=" " ind2=" " tag="090">
         <subfield code="a">Internet Access</subfield>
         <subfield code="b">AEU</subfield>
      </datafield>
      <datafield ind1="1" ind2=" " tag="100">
         <subfield code="a">Wray, Christopher,</subfield>
         <subfield code="e">author.</subfield>
         <subfield code="0">http://id.loc.gov/authorities/names/n2004025458</subfield>
         <subfield code="0">http://viaf.org/viaf/248029061</subfield>
      </datafield>
      <datafield ind1="1" ind2="0" tag="245">
         <subfield code="a">Pozi©·res :</subfield>
         <subfield code="b">echoes of a distant battle /</subfield>
         <subfield code="c">Christopher Wray.</subfield>
      </datafield>
      <datafield ind1=" " ind2="1" tag="264">
         <subfield code="a">Cambridge :</subfield>
         <subfield code="b">Cambridge University Press,</subfield>
         <subfield code="c">2015.</subfield>
      </datafield>
      <datafield ind1=" " ind2=" " tag="300">
         <subfield code="a">1 online resource (xii, 244 pages) :</subfield>
         <subfield code="b">illustrations, maps.</subfield>
      </datafield>
      <datafield ind1=" " ind2=" " tag="336">
         <subfield code="a">text</subfield>
         <subfield code="b">txt</subfield>
         <subfield code="2">rdacontent</subfield>
         <subfield code="0">http://id.loc.gov/vocabulary/contentTypes/txt</subfield>
      </datafield>
      <datafield ind1=" " ind2=" " tag="337">
         <subfield code="a">computer</subfield>
         <subfield code="b">c</subfield>
         <subfield code="2">rdamedia</subfield>
         <subfield code="0">http://id.loc.gov/vocabulary/mediaTypes/c</subfield>
      </datafield>
      <datafield ind1=" " ind2=" " tag="338">
         <subfield code="a">online resource</subfield>
         <subfield code="b">cr</subfield>
         <subfield code="2">rdacarrier</subfield>
         <subfield code="0">http://id.loc.gov/vocabulary/carriers/cr</subfield>
      </datafield>
      <datafield ind1="1" ind2=" " tag="490">
         <subfield code="a">Australian Army history series</subfield>
      </datafield>
      <datafield ind1=" " ind2=" " tag="504">
         <subfield code="a">Includes bibliographical references (pages 229-236) and index.</subfield>
      </datafield>
      <datafield ind1=" " ind2=" " tag="506">
         <subfield code="a">Access restricted to authorized users and institutions.</subfield>
      </datafield>
      <datafield ind1="0" ind2=" " tag="588">
         <subfield code="a">Publisher's web page (Cambridge University Press, viewed January 8, 2015).</subfield>
      </datafield>
      <datafield ind1=" " ind2=" " tag="596">
         <subfield code="a">44</subfield>
      </datafield>
      <datafield ind1="1" ind2="0" tag="610">
         <subfield code="a">Great Britain.</subfield>
         <subfield code="b">Army.</subfield>
         <subfield code="b">Australian and New Zealand Army Corps</subfield>
         <subfield code="x">History.</subfield>
         <subfield code="0">http://id.loc.gov/authorities/names/n82072861</subfield>
      </datafield>
      <datafield ind1=" " ind2="0" tag="650">
         <subfield code="a">World War, 1914-1918</subfield>
         <subfield code="x">Participation, Australian.</subfield>
      </datafield>
      <datafield ind1=" " ind2="0" tag="650">
         <subfield code="a">World War, 1914-1918</subfield>
         <subfield code="x">Campaigns</subfield>
         <subfield code="z">France</subfield>
         <subfield code="z">Pozi©·res.</subfield>
      </datafield>
      <datafield ind1=" " ind2="0" tag="651">
         <subfield code="a">Pozi©·res (France)</subfield>
         <subfield code="x">History</subfield>
         <subfield code="y">20th century.</subfield>
      </datafield>
      <datafield ind1=" " ind2=" " tag="758">
         <subfield code="0">http://worldcat.org/entity/work/id/373933772</subfield>
      </datafield>
      <datafield ind1="0" ind2=" " tag="787">
         <subfield code="n">OCLC Work Id</subfield>
         <subfield code="o">http://worldcat.org/entity/work/id/373933772</subfield>
      </datafield>
      <datafield ind1=" " ind2="0" tag="830">
         <subfield code="a">Australian Army history series.</subfield>
         <subfield code="0">http://id.loc.gov/authorities/names/no00000165</subfield>
      </datafield>
      <datafield ind1="4" ind2="0" tag="856">
         <subfield code="3">University of Alberta Access</subfield>
         <subfield code="u">http://dx.doi.org/10.1017/CBO9781316145142</subfield>
      </datafield>
      <datafield ind1=" " ind2=" " tag="949">
         <subfield code="h">UAIN</subfield>
         <subfield code="z">CBO</subfield>
      </datafield>
      <datafield ind1=" " ind2=" " tag="926">
         <subfield code="a">Internet Access</subfield>
         <subfield code="w">LC</subfield>
         <subfield code="c">1</subfield>
         <subfield code="i">6783664-1001</subfield>
         <subfield code="l">INTERNET</subfield>
         <subfield code="m">UAINTERNET</subfield>
         <subfield code="r">Y</subfield>
         <subfield code="s">Y</subfield>
         <subfield code="t">E-RESOURCE</subfield>
         <subfield code="u">1/16/2015</subfield>
         <subfield code="x">E-BOOK</subfield>
         <subfield code="z">CBO</subfield>
      </datafield>
   </record>
</collection>
